@misc{man7socket,
  title = "SOCKET(2) Linux Programmer's Manual",
  howpublished = "\url{https://man7.org/linux/man-pages/man2/socket.2.html}",
  note = "Accessed: 2023-05-17"
}

@misc{man7bind,
  title = "bind(2) Linux Programmer's Manual",
  howpublished = "\url{https://man7.org/linux/man-pages/man2/bind.2.html}",
  note = "Accessed: 2023-05-17"
}

@misc{man7sprintf,
  title = "sprintf(3p) Linux Programmer's Manual",
  howpublished = "\url{https://man7.org/linux/man-pages/man3/sprintf.3p.html}",
  note = "Accessed: 2023-05-17"
}

@misc{man7sscanf,
  title = "sscanf(3p) Linux Programmer's Manual",
  howpublished = "\url{https://man7.org/linux/man-pages/man3/sscanf.3p.html}",
  note = "Accessed: 2023-05-17"
}

@misc{man7accept,
  title = "accept(2) Linux Programmer's Manual",
  howpublished = "\url{https://man7.org/linux/man-pages/man2/accept.2.html}",
  note = "Accessed: 2023-05-17"
}

@misc{man7connect,
  title = "connect(3p) Linux Programmer's Manual",
  howpublished = "\url{https://man7.org/linux/man-pages/man2/connect.2.html}",
  note = "Accessed: 2023-05-17"
}

@misc{manual,
  title = "The GNU C library Reference Manual",
  howpublished = "\url{https://www.gnu.org/software/libc/manual/pdf/libc.pdf}",
  note = "Accessed: 2023-05-17"
}

@misc{manual,
  title = "ip(7) Linux Programmer's Manual",
  howpublished = "\url{https://man7.org/linux/man-pages/man7/ip.7.html}",
  note = "Accessed: 2023-05-17"
}
